@techreport{radicati2019email,
  author = "The Radicati Group",
  title = "Email Statistics Report 2019-2023 Executive Summary",
  year = "2019",
  institution = "The Radicati Group"
}

@misc{ref1,
  title = {{Mathematics Into Type}},
  organization = {American Mathematical Society},
  note = "[Online]. Available: \\url{https://www.ams.org/arc/styleguide/mit-2.pdf}",
  howpublished = "[Accessed: Dec. 19, 2024]"
}

@book{ref2,
  author = {T. W. Chaundy and P. R. Barrett and C. Batey},
  title = {The Printing of Mathematics},
  publisher = {Oxford Univ. Press},
  address = {London, U.K.},
  year = {1954}
}

@book{ref3,
  author = {F. Mittelbach and M. Goossens},
  title = {The \LaTeX Companion},
  edition = {2nd},
  publisher = {Pearson},
  address = {Boston, MA, USA},
  year = {2004}
}

@book{ref4,
  author = {G. Gr√§tzer},
  title = {More Math Into \LaTeX},
  publisher = {Springer},
  address = {New York, NY, USA},
  year = {2007}
}

@misc{ref5,
  author = {M. Letourneau and J. W. Sharp},
  title = {AMS-StyleGuide-online.pdf},
  organization = {American Mathematical Society},
  address = {Providence, RI, USA},
  note = "[Online]. Available: \\url{http://www.ams.org/arc/styleguide/index.html}",
  howpublished = "[Accessed: Dec. 19, 2024]"
}

@article{ref6,
  author = {H. Sira-Ramirez},
  title = {On the sliding mode control of nonlinear systems},
  journal = {Syst. Control Lett.},
  volume = {19},
  pages = {303--312},
  year = {1992}
}

@inproceedings{ref7,
  author = {A. Levant},
  title = {Exact differentiation of signals with unbounded higher derivatives},
  booktitle = {Proc. 45th IEEE Conf. Decis. Control},
  address = {San Diego, CA, USA},
  pages = {5585--5590},
  year = {2006},
  doi = {10.1109/CDC.2006.377165}
}

@article{ref8,
  author = {M. Fliess and C. Join and H. Sira-Ramirez},
  title = {Non-linear estimation is easy},
  journal = {Int. J. Model., Ident. Control},
  volume = {4},
  number = {1},
  pages = {12--27},
  year = {2008}
}

@inproceedings{ref9,
  author = {R. Ortega and A. Astolfi and G. Bastin and H. Rodriguez},
  title = {Stabilization of food-chain systems using a port-controlled Hamiltonian description},
  booktitle = {Proc. Amer. Control Conf.},
  address = {Chicago, IL, USA},
  pages = {2245--2249},
  year = {2000}
}
